<record><leader>00000cas a22000007a 4500</leader><controlfield tag="001">23346393</controlfield><controlfield tag="008">910328d18771878gauwr ne      0    0eng d</controlfield><datafield ind1=" " ind2=" " tag="010"><subfield code="a">sn 91099114 </subfield></datafield><datafield ind1=" " ind2=" " tag="040"><subfield code="a">NLG</subfield><subfield code="b">eng</subfield><subfield code="c">NLG</subfield><subfield code="d">GUA</subfield><subfield code="d">OCLCQ</subfield><subfield code="d">OCLCF</subfield><subfield code="d">OCLCO</subfield></datafield><datafield ind1="1" ind2=" " tag="029"><subfield code="a">AU@</subfield><subfield code="b">000024972429</subfield></datafield><datafield ind1=" " ind2=" " tag="042"><subfield code="a">msc</subfield></datafield><datafield ind1=" " ind2=" " tag="043"><subfield code="a">n-us-ga</subfield></datafield><datafield ind1="0" ind2="0" tag="245"><subfield code="a">Calhoun Saturday times.</subfield></datafield><datafield ind1="1" ind2="3" tag="246"><subfield code="a">Calhoun times</subfield></datafield><datafield ind1=" " ind2=" " tag="260"><subfield code="a">Calhoun, GA. :</subfield><subfield code="b">D.B. Freeman,</subfield><subfield code="c">[1877-1878]</subfield></datafield><datafield ind1=" " ind2=" " tag="300"><subfield code="a">v.</subfield></datafield><datafield ind1=" " ind2=" " tag="300"><subfield code="a">Weekly.</subfield></datafield><datafield ind1="0" ind2=" " tag="362"><subfield code="a">Vol. 7, no. 18 (Jan. 6, 1877)-v. 8, no. 45 (Apr. 13, 1878).</subfield></datafield><datafield ind1=" " ind2=" " tag="530"><subfield code="a">Also on microfilm: Athens, Ga. : University of Georgia Libraries.</subfield></datafield><datafield ind1=" " ind2="0" tag="651"><subfield code="a">Gordon County (Ga.)</subfield><subfield code="v">Newspapers.</subfield></datafield><datafield ind1=" " ind2="7" tag="655"><subfield code="a">Newspapers.</subfield><subfield code="2">fast</subfield><subfield code="0">(OCoLC)fst01423814</subfield></datafield><datafield ind1=" " ind2="7" tag="651"><subfield code="a">Georgia</subfield><subfield code="z">Gordon County.</subfield><subfield code="2">fast</subfield><subfield code="0">(OCoLC)fst01211769</subfield></datafield><datafield ind1=" " ind2=" " tag="752"><subfield code="a">United States</subfield><subfield code="b">Georgia</subfield><subfield code="c">Gordon</subfield><subfield code="d">Calhoun.</subfield></datafield><datafield ind1="0" ind2="0" tag="780"><subfield code="t">Calhoun times (Calhoun, Ga. : 1876)</subfield><subfield code="w">(DLC)sn 91099115</subfield><subfield code="w">(OCoLC)23346371</subfield></datafield><datafield ind1="0" ind2="0" tag="785"><subfield code="t">Calhoun times (Calhoun, Ga. : 1878)</subfield><subfield code="w">(DLC)sn 91099112</subfield><subfield code="w">(OCoLC)23346409</subfield></datafield></record>